@article{Obar02012020,
author = {Jonathan A. Obar and Anne Oeldorf-Hirsch},
title = {The biggest lie on the Internet: ignoring the privacy policies and terms of service policies of social networking services},
journal = {Information, Communication \& Society},
volume = {23},
number = {1},
pages = {128--147},
year = {2020},
publisher = {Routledge},
doi = {10.1080/1369118X.2018.1486870},
url = {https://doi.org/10.1080/1369118X.2018.1486870},
}

@misc{spdxSPDXLicense,
	author = {SPDX},
	title = {{S}{P}{D}{X} {L}icense {L}ist | {S}oftware {P}ackage {D}ata {E}xchange ({S}{P}{D}{X}) --- spdx.org},
  url = "https://spdx.org/licenses/",
  year = {2024},
  month = {12},
	howpublished = {online},
	note = {Citováno 18. 3. 2025},
}

@misc{snykOpenSource,
	author = {Jamie Smith},
	title = {{W}hat is a software license? 5 {T}ypes of {S}oftware {L}icenses | {S}nyk --- snyk.io},
	url = {https://snyk.io/articles/navigating-software-license/},
  year = {2025},
  month = {1},
  howpublished = {online},
	note = {Citováno 21. 3. 2025},
}

@misc{libguidesGuidesUsing,
	author = {University of Pittsburgh Library},
	title = {{G}uides: {U}sing {C}reative {C}ommons and {O}pen {S}oftware {L}icenses: {C}reative {C}ommons --- pitt.libguides.com},
  url = {https://pitt.libguides.com/openlicensing/creativecommons},
  year = {2023},
  month = {12},
  howpublished = {online},
	note = {Citováno 21. 3. 2025},
}

@misc{creativecommonsAboutLicenses,
	author = {Creative Commons},
	title = {{A}bout {C}{C} {L}icenses - {C}reative {C}ommons --- creativecommons.org},
  url = "https://creativecommons.org/share-your-work/cclicenses/",
  year = {2019},
  month = {12},
  howpublished = {online},
	note = {Citováno 18. 3. 2025},
}

@misc{pcmagDefinitionTerms,
	author = {Ziff Davis},
	title = {{D}efinition of terms of service --- pcmag.com},
	url = {https://www.pcmag.com/encyclopedia/term/terms-of-service},
  year = {2020},
  month = {11},
  howpublished = {online},
	note = {Citováno 19. 3. 2025},
}

@misc{w3449Footer,
	author = {World Wide Web Consortium},
	title = {4.4.9 {T}he footer element 2014; {H}{T}{M}{L}5: {E}dition for {W}eb {A}uthors --- w3.org},
	url = {https://www.w3.org/TR/2011/WD-html5-author-20110809/the-footer-element.html},
	year = {2011},
  howpublished = {online},
	note = {Citováno 19. 3. 2025},
}

@inbook{inbook,
author = {Lotfi, Chaimaa and Srinivasan, Swetha and Ertz, Myriam and Latrous, Imen},
year = {2021},
month = {01},
pages = {381-394},
title = {Web Scraping Techniques and Applications: A Literature Review},
isbn = {9789391842086},
doi = {10.52458/978-93-91842-08-6-38},
}

@misc{mozillaRobotstxtDocs,
	author = {MDN Web Docs},
	title = {{R}obots.txt --- {M}{D}{N} {W}eb {D}ocs {G}lossary: {D}efinitions of {W}eb-related terms | {M}{D}{N} --- developer.mozilla.org},
	url = {https://developer.mozilla.org/en-US/docs/Glossary/Robots.txt},
  year = {2024},
  month = {12},
  howpublished = {online},
	note = {Citováno 25. 3. 2025}
  }

@inbook{Kondurkar2023,
  title = {Modern Applications With a Focus on Training ChatGPT and GPT Models: Exploring Generative AI and NLP},
  ISBN = {9798369305041},
  url = {http://dx.doi.org/10.4018/979-8-3693-0502-7.ch010},
  doi = {10.4018/979-8-3693-0502-7.ch010},
  title = {Advanced Applications of Generative AI and Natural Language Processing Models},
  publisher = {IGI Global},
  author = {Isha Kondurkar, Akanksha Raj, D. Lakshmi},
  year = {2023},
  month = dec,
  pages = {186-227},
}

@article{10.3389/frai.2023.1350306,
author={Zubiaga, Arkaitz},
journal={Frontiers in Artificial Intelligence},
title={Natural language processing in the era of large language models},
year={2023},
volume={6},
issn={2624-8212},
medium={online},
doi={10.3389/frai.2023.1350306},
url={https://www.frontiersin.org/journals/artificial-intelligence/articles/10.3389/frai.2023.1350306},
}

@inbook{SureshBabu2023,
  title = {Revolutionizing Conversational AI: Unleashing the Power of ChatGPT-Based Applications in Generative AI and Natural Language Processing},
  ISBN = {9798369305041},
  url = {http://dx.doi.org/10.4018/979-8-3693-0502-7.ch011},
  doi = {10.4018/979-8-3693-0502-7.ch011},
  title = {Advanced Applications of Generative AI and Natural Language Processing Models},
  publisher = {IGI Global},
  author = {C. V. Suresh Babu, P. M. Akshara},
  year = {2023},
  month = dec,
  pages = {228-248},
}

@misc{lmarenaAI,
  author = {{LM Arena}},
  title = {{L}{M} {A}rena --- lmarena.ai},
  url = {https://lmarena.ai/},
  year = {2025},
  month = {4},
  howpublished = {online},
  note = {Citováno 6. 4. 2025}
}

@misc{trackingaiTracking,
	author = {Maxim Lott},
	title = {{T}racking {A}{I} --- trackingai.org},
  url = {https://trackingai.org/},
	year = {2025},
  month = {4},
  howpublished = {online},
	note = {Citováno 6. 4. 2025},
}

@misc{essay100804,
author = {S. {Ilich}},
title = {License-aware web crawling},
school = {University of Twente},
year = {2024},
month = {7},
type = {Bachelor's thesis},
url = {http://essay.utwente.nl/100804/},
howpublished = {online},
note = {Citováno 15. 2. 2025},
}

@misc{openwebsearchProjectLAW4OSAI,
	author = {OpenWebSearch.eu},
	title = {{P}roject {L}{A}{W}4{O}{S}{A}{I} --- {O}pen{W}eb{S}earch.eu --- {P}romoting {E}urope‘s {I}ndependence in {W}eb {S}earch --- openwebsearch.eu},
	url = {https://openwebsearch.eu/partners/owseu-project-law4osai/},
  year = {2024},
  month = {3},
  howpublished = {online},
	note = {[Citováno 6. 4. 2025]},
}

@misc{dataforseo1000Websites,
	author = {DataForSEO},
	title = {{T}op 1000 {W}ebsites {B}y {R}anking {K}eywords --- {D}ata{F}or{S}{E}{O} --- dataforseo.com},
	url = {https://dataforseo.com/free-seo-stats/top-1000-websites},
  year = {2025},
  month = {1},
  howpublished = {online },
	note = {[Citováno 28. 1. 2025]},
}

@misc{googleGemini,
	author = {Tomáš Peterka},
	title = {[Generate license texts containing mentions of various versions of specified licenses\ldots]},
  url = {https://g.co/gemini/share/19bc587ea49b},
  publisher = {Google, Gemini},
	year = {2025},
  month = {4},
  day = {28},
  howpublished = {online},
	note = {[Citováno 28. 4. 2025]},
}

@misc{googleGemini2,
  author = {Tomáš Peterka},
  title = {[Generate texts that could trigger false positives during detection of license mentions\ldots]},
  url = {https://g.co/gemini/share/966d7285b313},
  publisher = {Google, Gemini},
  year = {2025},
  month = {4},
  day = {25},
  howpublished = {online},
  note = {[Citováno 28. 4. 2025]},
}

@misc{zhang2020bertscoreevaluatingtextgeneration,
  title={BERTScore: Evaluating Text Generation with BERT}, 
  author={Tianyi Zhang and Varsha Kishore and Felix Wu and Kilian Q. Weinberger and Yoav Artzi},
  year={2020},
  eprint={1904.09675},
  archivePrefix={arXiv},
  primaryClass={cs.CL},
  doi={https://doi.org/10.48550/arXiv.1904.09675}, 
}

@inproceedings{lin-2004-rouge,
    title = "{ROUGE}: A Package for Automatic Evaluation of Summaries",
    author = "Lin, Chin-Yew",
    booktitle = "Text Summarization Branches Out",
    month = jul,
    year = "2004",
    address = "Barcelona, Spain",
    publisher = "Association for Computational Linguistics",
    url = "https://aclanthology.org/W04-1013/",
    pages = "74--81"
}

@misc{ragasFaithfulnessRagas,
	author = {Ragas},
	title = {{F}aithfulness {R}agas --- docs.ragas.io},
  url = {https://docs.ragas.io/en/stable/concepts/metrics/available_metrics/faithfulness/},
	howpublished = {online},
	year = {2025},
	note = {[Citováno 7. 3. 2025]},
}

@misc{googleGoogleColab,
	author = {Donato Capitella},
	title = {{L}lm-chronicles-6.7-hallucination-detection-faithfulness},
  url = {https://colab.research.google.com/drive/1UTHHrwHmXxgStR5Q4SlcCChuu50IztLR},
	howpublished = {online},
	year = {2024},
	note = {[Citováno 7. 3. 2025]},
}

@misc{requestsRequestsHTTP,
author = {Kenneth Reitz},
title = {{R}equests: {H}{T}{T}{P} for {H}umans {R}equests 2.32.3 documentation --- requests.readthedocs.io},
url = {https://requests.readthedocs.io/en/stable/},
howpublished = {online},
year = {2024},
note = {[Citováno 28. 1. 2025]},
}

@misc{crummyBeautifulSoup,
author = {Leonard Richardson},
title = {{B}eautiful {S}oup 4.13.0 documentation --- crummy.com},
url = {https://www.crummy.com/software/BeautifulSoup/bs4/doc/},
howpublished = {online},
year = {2025},
note = {[Citováno 28. 1. 2025]},
}

@misc{huggingfaceClientLibrary,
	author = {Hugging Face, Inc.},
	title = {{H}ub client library --- huggingface.co},
  url = {https://huggingface.co/docs/huggingface_hub/index},
	howpublished = {online},
	year = {2025},
	note = {[Citováno 9. 3. 2025]},
}

@misc{googleapisGoogleDocumentation,
	author = {Google},
	title = {{G}oogle {G}en {A}{I} {S}{D}{K} documentation --- googleapis.github.io},
  url = {https://googleapis.github.io/python-genai/},
	howpublished = {online},
	year = {2025},
	note = {[Citováno 5. 5. 2025]},
}

@misc{palletsprojectsWelcomeFlask,
	author = {Pallets},
	title = {{F}lask {D}ocumentation (3.1.x) --- flask.palletsprojects.com},
  url = {https://flask.palletsprojects.com/en/stable/},
	howpublished = {online},
	year = {2024},
	note = {[Citováno 29. 1. 2025]},
}

@misc{celeryqCeleryDistributed,
	author = {Ask Solem and contributors},
	title = {{C}elery - {D}istributed {T}ask {Q}ueue {C}elery 5.5.2 documentation --- docs.celeryq.dev},
  url = {https://docs.celeryq.dev/en/stable/},
	howpublished = {online},
	year = {2023},
	note = {[Citováno 7. 3. 2025]},
}

@misc{redisRedispy600,
	author = {Redis Inc.},
	title = {redis-py 6.0.0 documentation --- redis.readthedocs.io},
  url = {https://redis.readthedocs.io/en/stable/index.html},
	howpublished = {online},
	year = {2025},
	note = {[Citováno 7. 3. 2025]},
}

@misc{fossaFOSSAControl,
	author = {FOSSA Inc.},
	title = {{F}{O}{S}{S}{A} - {C}ontrol {Y}our {S}oftware {S}upply {C}hain --- fossa.com},
  url = {https://fossa.com/},
  howpublished = {online},
	year = {2025},
	note = {[Citováno 3. 2. 2025]},
}

@misc{fossID,
	author = {FOSSA Inc.},
	title = {{F}{O}{S}{S}{I}{D} --- fossid.com},
  url = {https://fossid.com/},
  howpublished = {online},
	year = {2025},
	note = {[Citováno 3. 2. 2025]},
}

@misc{blackduckApplicationSecurity,
	author = {Black Duck Software, Inc.},
	title = {{A}pplication {S}ecurity {S}oftware ({A}pp{S}ec) | {B}lack {D}uck --- blackduck.com},
	url = {https://www.blackduck.com/},
  howpublished = {online},
	year = {2025},
	note = {[Citováno 3. 2. 2025]},
}

@misc{fossologyFOSSology,
	author = {FOSSology Workgroup},
	title = {{F}{O}{S}{S}ology --- fossology.org},
  url = {https://www.fossology.org},
	howpublished = {online},
	year = {2017},
	note = {[Citováno 1. 2. 2025]},
}

@misc{palletsprojectsJinjax2014,
	author = {Pallets},
	title = {{J}inja {D}ocumentation (3.1.x) --- jinja.palletsprojects.com},
  url = {https://jinja.palletsprojects.com/en/stable/},
	howpublished = {online},
	year = {2025},
	note = {[Citováno 29. 1. 2025]},
}

@misc{wikipediaWikipediaFree,
	author = {Wikimedia Foundation},
	title = {{W}ikipedia, the free encyclopedia --- en.wikipedia.org},
  url = {https://en.wikipedia.org/},
	howpublished = {online},
	year = {2025},
	note = {[Citováno 19. 1. 2025]},
}

@misc{wikiwandWikiwandWikipedia,
	author = {Wikimedia Foundation},
	title = {{W}ikiwand - {W}ikipedia, and beyond --- wikiwand.com},
  url = {https://www.wikiwand.com/},
	howpublished = {online},
	year = {2025},
	note = {[Citováno 28. 1. 2025]},
}

@misc{mozillaDocs,
	author = {Mozilla Foundation},
	title = {{M}{D}{N} {W}eb {D}ocs --- developer.mozilla.org},
  url = {https://developer.mozilla.org/},
	howpublished = {online},
	year = {2025},
	note = {[Citováno 19. 1. 2025]},
}

@misc{pypiClientChallenge,
	author = {Anubhav Patel},
	title = {{P}ypi {P}rotego --- pypi.org},
  url = {https://pypi.org/project/Protego/},
	howpublished = {online},
  url = {https://pypi.org/project/pypi-protego/},
	year = {2025},
	note = {[Citováno 11. 2. 2025]},
}

@misc{ollamaOllama,
	author = {Ollama},
	title = {{O}llama --- ollama.com},
  url = {https://ollama.com/},
	howpublished = {online},
	year = {2025},
	note = {[Citováno 4. 2. 2025]},
}

// old

@book{Verspoor2013,
author="Verspoor, Karin
and Cohen, Kevin Bretonnel",
editor="Dubitzky, Werner
and Wolkenhauer, Olaf
and Cho, Kwang-Hyun
and Yokota, Hiroki",
title="Natural Language Processing",
bookTitle="Encyclopedia of Systems Biology",
year="2013",
publisher="Springer New York",
address="New York, NY",
pages="1495--1498",
ISBN="978-1-4419-9863-7",
doi="10.1007/978-1-4419-9863-7_158",
url="https://doi.org/10.1007/978-1-4419-9863-7_158"
}


// examples

@article{Sestakova2018,
  author        = {Eliška Šestáková and Jan Janoušek},
  journal       = {Information},
  title         = {Automata Approach to XML Data Indexing},
  year          = {2018},
  volume        = {9},
  number        = {1},
  issn          = {2078-2489},
  medium        = {online},
  accessed      = {2019-03-26},
  doi           = {10.3390/info9010012},
  url           = {http://www.mdpi.com/2078-2489/9/1/12},
}

@book{Crochemore2002,
  author        = {Maxime Crochemore and Wojciech Rytter},
  title         = {Jewels of stringology},
  publisher     = {World Scientific},
  address       = {River Edge, NJ},
  year          = {2002},
  isbn          = {978-9810247829},
}

@book{Motwani2014,
  author        = {Rajeev Motwani and Jeffrey D. Ullman and John E. Hopcroft},
  title         = {Introduction to automata theory, languages, and computation},
  publisher     = {Pearson},
  address       = {Harlow},
  year          = {2014},
  edition       = {Third},
  ISBN          = {9781292039053},
}

@book{Kopka2004,
  author        = {Helmut Kopka and Patrick W. Daly},
  title         = {LATEX},
  subtitle      = {podrobný průvodce},
  publisher     = {Computer Press},
  address       = {Brno},
  year          = {2004},
  ISBN          = {80-7226-973-9},
}

@inproceedings{exponential:queries,
  author        = {Mandhani, Bhushan and Suciu, Dan},
  title         = {Query Caching and View Selection for XML Databases},
  booktitle     = {Proceedings of the 31st International Conference on Very Large Data Bases},
  series        = {VLDB '05},
  year          = {2005},
  isbn          = {1-59593-154-6},
  location      = {Trondheim, Norway},
  pages         = {469--480},
  numpages      = {12},
  url           = {http://dl.acm.org/citation.cfm?id=1083592.1083648},
  acmid         = {1083648},
  publisher     = {VLDB Endowment}
}

@inproceedings{def:2,
	author       = {Leonid Libkin},
	year         = {2005},
	isbn         = {978-3-540-27580-0},
	booktitle    = {Automata, Languages and Programming},
	volume       = {3580},
	series       = {Lecture Notes in Computer Science},
	editor       = {Caires, Luís and Italiano, Giuseppe and Monteiro, Luís and Palamidessi, Catuscia and Yung, Moti},
	title        = {Logics for Unranked Trees: An Overview},
	publisher    = {Springer Berlin Heidelberg},
	pages        = {35--50},
}

@inproceedings{def:1,
	author       = {Frank Neven},
	year         = {2002},
	isbn         = {978-3-540-44240-0},
	booktitle    = {Computer Science Logic},
	volume       = {2471},
	series       = {Lecture Notes in Computer Science},
	editor       = {Bradfield, Julian},
	title        = {Automata, Logic, and XML},
	publisher    = {Springer Berlin Heidelberg},
	pages        = {2--26},
}

@misc{jakZiskatAcko,
  author        = {Rick Astley},
  title         = {Never Gonna Give You Up (Official Music Video) -- YouTube},
  url           = "https://www.youtube.com/watch?v=dQw4w9WgXcQ&ab_channel=RickAstley",
  month         = {10},
  year          = {2009},
  howpublished  = {online},
  note          = "[Citováno 7. 1. 2025]"
}

@misc{darkMode,
	author = {TopDevelopers.co},
  title = {Light Mode Vs. Dark Mode -- What\'s Your Choice For UX? | by TopDevelopers.co | Medium},
  url = "https://medium.com/@topdevelopers-co/light-mode-vs-dark-mode-whats-your-choice-for-ux-5bce3ad4a368",
	month = {8},
	year = {2024},
  note = "[Citováno 27. 2. 2025]"
}